@article{optimal2003,
 author = {Roth, Volker and Laub, Julian and Kawanabe, Motoaki and Buhmann, Joachim M.},
 title = {Optimal Cluster Preserving Embedding of Nonmetric Proximity Data},
 journal = {IEEE Trans. Pattern Anal. Mach. Intell.},
 issue_date = {December 2003},
 volume = {25},
 number = {12},
 month = dec,
 year = {2003},
 issn = {0162-8828},
 pages = {1540--1551},
 numpages = {12},
 doi = {10.1109/TPAMI.2003.1251147},
 acmid = {960291},
 publisher = {IEEE Computer Society},
 address = {Washington, DC, USA},
 keywords = {Clustering, pairwise proximity data, cost function, embedding, MDS.},
}

@article{shi2000normalized,
  title={Normalized cuts and image segmentation},
  author={Shi, Jianbo and Malik, Jitendra},
  journal={IEEE Transactions on pattern analysis and machine intelligence},
  volume={22},
  number={8},
  pages={888--905},
  year={2000},
  publisher={Ieee}
}

@book{lyon2017human,
  title={Human and machine hearing},
  author={Lyon, Richard F},
  year={2017},
  publisher={Cambridge University Press}
}

@article{tzanetakis2002musical,
  title={Musical genre classification of audio signals},
  author={Tzanetakis, George and Cook, Perry},
  journal={IEEE Transactions on speech and audio processing},
  volume={10},
  number={5},
  pages={293--302},
  year={2002},
  publisher={IEEE}
}

@article{rodriguez2016analysing,
  title={Analysing Scattering-Based Music Content Analysis Systems: Where's the Music?},
  author={RODRIGUEZ ALGARRA, Francisco and Sturm, Bob L and Maruri-Aguilar, Hugo and others},
  year={2016}
}

@article{guastavino2006ideal,
  title={The ideal urban soundscape: Investigating the sound quality of French cities},
  author={Guastavino, Catherine},
  journal={Acta Acustica united with Acustica},
  volume={92},
  number={6},
  pages={945--951},
  year={2006},
  publisher={S. Hirzel Verlag}
}

@article{barsalou2010grounded,
  title={Grounded cognition: Past, present, and future},
  author={Barsalou, Lawrence W},
  journal={Topics in cognitive science},
  volume={2},
  number={4},
  pages={716--724},
  year={2010},
  publisher={Wiley Online Library}
}

@article{boureau2010learning,
  title={Learning mid-level features for recognition},
  author={Boureau, Y-Lan and Bach, Francis and LeCun, Yann and Ponce, Jean},
  year={2010},
  publisher={IEEE}
}

@article{dubois2007joint,
  title={Joint detection and tracking of time-varying harmonic components: A flexible Bayesian approach},
  author={Dubois, Corentin and Davy, Manuel},
  journal={IEEE Transactions on Audio, Speech, and Language Processing},
  volume={15},
  number={4},
  pages={1283--1295},
  year={2007},
  publisher={IEEE}
}

@inproceedings{dubois2005tracking,
  title={Tracking of time-frequency components using particle filtering.},
  author={Dubois, Corentin and Davy, Manuel and Idier, J{\'e}r{\^o}me},
  booktitle={ICASSP (4)},
  pages={9--12},
  year={2005}
}

@article{wells2010comparative,
  title={A comparative evaluation of techniques for single-frame discrimination of nonstationary sinusoids},
  author={Wells, Jeremy J and Murphy, Damian T},
  journal={IEEE transactions on audio, speech, and language processing},
  volume={18},
  number={3},
  pages={498--508},
  year={2010},
  publisher={IEEE}
}

@inproceedings{gribonval1996sound,
  title={Sound signals decomposition using a high resolution matching pursuit},
  author={Gribonval, R{\'e}mi and Depalle, Philippe and Rodet, Xavier and Bacry, Emmanuel and Mallat, St{\'e}phane},
  booktitle={Proceedings of the International Computer Music Conference},
  pages={293--296},
  year={1996},
  organization={INTERNATIONAL COMPUTER MUSIC ACCOCIATION}
}

@article{auger1995improving,
  title={Improving the readability of time-frequency and time-scale representations by the reassignment method},
  author={Auger, Fran{\c{c}}ois and Flandrin, Patrick},
  journal={IEEE Transactions on signal processing},
  volume={43},
  number={5},
  pages={1068--1089},
  year={1995},
  publisher={IEEE}
}

@article{mallat1989theory,
  title={A theory for multiresolution signal decomposition: the wavelet representation},
  author={Mallat, Stephane G},
  journal={IEEE transactions on pattern analysis and machine intelligence},
  volume={11},
  number={7},
  pages={674--693},
  year={1989},
  publisher={Ieee}
}

@article{mallat1993matching,
  title={Matching pursuits with time-frequency dictionaries},
  author={Mallat, SG and Zhang, Zhifeng},
  journal={IEEE Transactions on Signal Processing},
  volume={41},
  number={12},
  pages={3397--3415},
  year={1993},
  publisher={IEEE Press}
}

@article{princen1986analysis,
  title={Analysis/synthesis filter bank design based on time domain aliasing cancellation},
  author={Princen, John and Bradley, Alan},
  journal={IEEE Transactions on Acoustics, Speech, and Signal Processing},
  volume={34},
  number={5},
  pages={1153--1161},
  year={1986},
  publisher={IEEE}
}

@article{lewicki2002efficient,
  title={Efficient coding of natural sounds},
  author={Lewicki, Michael S},
  journal={Nature neuroscience},
  volume={5},
  number={4},
  pages={356},
  year={2002},
  publisher={Nature Publishing Group}
}

@article{dau1997modeling,
  title={Modeling auditory processing of amplitude modulation. I. Detection and masking with narrow-band carriers},
  author={Dau, Torsten and Kollmeier, Birger and Kohlrausch, Armin},
  journal={The Journal of the Acoustical Society of America},
  volume={102},
  number={5},
  pages={2892--2905},
  year={1997},
  publisher={ASA}
}

@article{fritz2003rapid,
  title={Rapid task-related plasticity of spectrotemporal receptive fields in primary auditory cortex},
  author={Fritz, Jonathan and Shamma, Shihab and Elhilali, Mounya and Klein, David},
  journal={Nature neuroscience},
  volume={6},
  number={11},
  pages={1216},
  year={2003},
  publisher={Nature Publishing Group}
}

@article{anden2014deep,
  title={Deep scattering spectrum},
  author={And{\'e}n, Joakim and Mallat, St{\'e}phane},
  journal={IEEE Transactions on Signal Processing},
  volume={62},
  number={16},
  pages={4114--4128},
  year={2014},
  publisher={IEEE}
}

@article{kronland1987analysis,
  title={Analysis of sound patterns through wavelet transforms},
  author={Kronland-Martinet, Richard and Morlet, Jean and Grossmann, Alexander},
  journal={International Journal of Pattern Recognition and Artificial Intelligence},
  volume={1},
  number={02},
  pages={273--302},
  year={1987},
  publisher={World Scientific}
}

@article{conan2014synthesis,
  title={A synthesis model with intuitive control capabilities for rolling sounds},
  author={Conan, Simon and Derrien, Olivier and Aramaki, Mitsuko and Ystad, Solvi and Kronland-Martinet, Richard},
  journal={IEEE/ACM Transactions on Audio, Speech, and Language Processing},
  volume={22},
  number={8},
  pages={1260--1273},
  year={2014},
  publisher={IEEE}
}

@article{wavenet,
  author    = {A{\"{a}}ron van den Oord and
               Sander Dieleman and
               Heiga Zen and
               Karen Simonyan and
               Oriol Vinyals and
               Alex Graves and
               Nal Kalchbrenner and
               Andrew W. Senior and
               Koray Kavukcuoglu},
  title     = {WaveNet: {A} Generative Model for Raw Audio},
  journal   = {CoRR},
  volume    = {abs/1609.03499},
  year      = {2016},
  url       = {http://arxiv.org/abs/1609.03499},
  archivePrefix = {arXiv},
  eprint    = {1609.03499},
  timestamp = {Mon, 13 Aug 2018 16:49:15 +0200},
  biburl    = {https://dblp.org/rec/bib/journals/corr/OordDZSVGKSK16},
  bibsource = {dblp computer science bibliography, https://dblp.org}
}

@inproceedings{brandenburg1999mp3,
  title={MP3 and AAC explained},
  author={Brandenburg, Karlheinz},
  booktitle={Audio Engineering Society Conference: 17th International Conference: High-Quality Audio Coding},
  year={1999},
  organization={Audio Engineering Society}
}

@ARTICLE{mcaulay,
author={R. McAulay and T. Quatieri},
journal={IEEE Transactions on Acoustics, Speech, and Signal Processing},
title={Speech analysis/Synthesis based on a sinusoidal representation},
year={1986},
volume={34},
number={4},
pages={744-754},
keywords={Speech analysis;Speech synthesis;Acoustic noise;Noise shaping;Speech coding;Frequency synthesizers;Parameter estimation;Fourier transforms;Phase modulation;Amplitude modulation},
doi={10.1109/TASSP.1986.1164910},
ISSN={0096-3518},
month={August}
}

@book{bregman1994auditory,
  title={Auditory scene analysis: The perceptual organization of sound},
  author={Bregman, Albert S},
  year={1994},
  publisher={MIT press}
}

@article{mesgarani2012selective,
  title={Selective cortical representation of attended speaker in multi-talker speech perception},
  author={Mesgarani, Nima and Chang, Edward F},
  journal={Nature},
  volume={485},
  number={7397},
  pages={233},
  year={2012},
  publisher={Nature Publishing Group}
}
