@inproceedings{gontierhal-01926241,
  TITLE = {{Towards perceptual soundscape characterization using event detection algorithms.}},
  AUTHOR = {Gontier, F{\'e}lix and Aumond, Pierre and Lagrange, Mathieu and Lavandier, Catherine and Petiot, Jean-Fran{\c c}ois},
  BOOKTITLE = {{Workshop on Detection and Classification of Acoustic Scenes and Events (DCASE)}},
  ADDRESS = {Surrey, United Kingdom},
  YEAR = {2018},
  MONTH = Nov
}

@inproceedings{lostanlen2018extended,
  title={Extended playing techniques: the next milestone in musical instrument recognition},
  author={Lostanlen, Vincent and And{\'e}n, Joakim and Lagrange, Mathieu},
  booktitle={Proceedings of the 5th International Conference on Digital Libraries for Musicology},
  pages={1--10},
  year={2018}
}

@inproceedings{lagrangehal-01807481,
  TITLE = {{Visualization of audio data using stacked graphs}},
  AUTHOR = {Lagrange, Mathieu and Rossignol, Mathias and Lafay, Gr{\'e}goire},
BOOKTITLE = {{19th International Society for Music Information Retrieval Conference}},
  ADDRESS = {Paris, France},
  YEAR = {2018},
  MONTH = Sep,
  PDF = {https://hal.archives-ouvertes.fr/hal-01807481/file/lagrangeAudioStackGraph.pdf},
  HAL_ID = {hal-01807481},
  HAL_VERSION = {v1},
}

@inproceedings{picauthal-01630746,
  TITLE = {{Characterization of urban sound environments using a comprehensive approach combining open data, measurements, and modeling}},
  AUTHOR = {Picaut, Judica{\"e}l and Can, Arnaud and Ardouin, J{\'e}r{\'e}my and Crepeaux, Pierre and Dhome, Thierry and Ecotiere, David and Lagrange, Mathieu and Lavandier, Catherine and Mallet, Vivien and Mietlicki, Christophe and Paboeuf, Marc},

  BOOKTITLE = {{Acoustics '17}},
  ADDRESS = {Boston, United States},
  HAL_LOCAL_REFERENCE = {DOC00027351},
  PAGES = {4 p},
  YEAR = {2017},
  MONTH = Jun
}

@inproceedings{lafayhal-01635414,
  TITLE = {{Sound Event Detection in Synthetic Audio: Analysis of the DCASE 2016 Task Results}},
  AUTHOR = {Lafay, Gr{\'e}goire and Benetos, Emmanouil and Lagrange, Mathieu},

  BOOKTITLE = {{IEEE Workshop on Applications of Signal Processing to Audio and Acoustics (WASPAA)}},
  ADDRESS = {Mohonk, United States},
  YEAR = {2017},
  MONTH = Sep,
  PDF = {https://hal.archives-ouvertes.fr/hal-01635414/file/main.pdf},
  HAL_ID = {hal-01635414},
  HAL_VERSION = {v1},
}

@inproceedings{gloaguenhal-01635393,
  TITLE = {{Creation of a corpus of realistic urban sound scenes with controlled acoustic properties}},
  AUTHOR = {Gloaguen, Jean-R{\'e}my and Can, Arnaud and Lagrange, Mathieu and Petiot, Jean Fran{\c c}ois},

  BOOKTITLE = {{173rd Meeting of the Acoustical Society of America and the 8th Forum Acusticum (Acoustics)}},
  ADDRESS = {Boston, MA, United States},
  VOLUME = {25},
  NUMBER = {6},
  PAGES = {1266-1277},
  YEAR = {2017},
  MONTH = Jun
}

@inproceedings{gloaguenhal-01375796,
  TITLE = {{Estimating traffic noise levels using acoustic monitoring: a preliminary study}},
  AUTHOR = {Gloaguen, Jean-R{\'e}my and Can, Arnaud and Lagrange, Mathieu and Petiot, Jean-Fran{\c c}ois},

  BOOKTITLE = {{DCASE 2016, Detection and Classification of Acoustic Scenes and Events}},
  ADDRESS = {Budapest, Hungary},
  HAL_LOCAL_REFERENCE = {DOC00025835},
  PAGES = {4p},
  YEAR = {2016},
  MONTH = Sep,
  KEYWORDS = {ACOUSTIQUE ; BRUIT ; BRUIT EXTERIEUR ; CARTOGRAPHIE ; TRAFIC ROUTIER ; MESURE ; VILLE ; SON},
  PDF = {https://hal.archives-ouvertes.fr/hal-01375796/file/doc00025835.pdf},
  HAL_ID = {hal-01375796},
  HAL_VERSION = {v1},
}

@inproceedings{benetoshal-01255074,
  TITLE = {{Detection of Overlapping Acoustic Events using a Temporally-Constrained Probabilistic Model}},
  AUTHOR = {Benetos, Emmanouil and Lafay, Gr{\'e}goire and Lagrange, Mathieu and Plumbley, Mark D.},

  BOOKTITLE = {{ICASSP}},
  ADDRESS = {Shanghai, China},
  YEAR = {2016},
  MONTH = Mar,
  KEYWORDS = {Index Terms- Acoustic event detection ; probabilistic latent component analysis ; hidden Markov models},
  PDF = {https://hal.archives-ouvertes.fr/hal-01255074/file/event_detection_icassp16-8.pdf},
  HAL_ID = {hal-01255074},
  HAL_VERSION = {v2},
}

@inproceedings{lagrangehal-01635373,
  TITLE = {{Computational experiments in Science: Horse wrangling in the digital age}},
  AUTHOR = {Lagrange, Mathieu and Rossignol, Mathias},

  BOOKTITLE = {{Research workshop on ``Horses'' in Applied Machine Learning}},
  ADDRESS = {London, United Kingdom},
  YEAR = {2016},
  MONTH = Oct
}

@inproceedings{roebelhal-01261256,
  TITLE = {{On automatic drum transcription using non-negative matrix deconvolution and itakura saito divergence}},
  AUTHOR = {Roebel, Axel and Pons Puig, Jordi and Liuni, Marco and Lagrange, Mathieu},

  BOOKTITLE = {{Proc of the IEEE International Conference on  Acoustics, Speech and Signal Processing (ICASSP)}},
  ADDRESS = {Brisbane, Australia},
  PAGES = {414 - 418},
  YEAR = {2015},
  MONTH = Apr
}

@inproceedings{lafayhal-01107153,
  TITLE = {{A new experimental approach for urban soundscape characterization based on sound manipulation; a pilot study}},
  AUTHOR = {Lafay, Gr{\'e}goire and Rossignol, Mathias and Misdariis, Nicolas and Lagrange, Mathieu and Petiot, Jean Fran{\c c}ois},
  BOOKTITLE = {{International Symposium on Musical Acoustics (ISMA)}},
  ADDRESS = {Le Mans, France},
  YEAR = {2014},
  MONTH = Jul,
}

@inproceedings{rossignolsimscene,
  title={SimScene: a web-based acoustic scenes simulator},
  author={Rossignol, Mathias and Lafay, Gregoire and Lagrange, Mathieu and Misdariis, Nicolas},
 booktitle = {First Web Audio Conference (WAC)},
   month = {September},
   year = {2014}
   }

  @inproceedings{rossignolhal-01122006,
  TITLE = {{Alternate Level Clustering for Drum Transcription}},
  AUTHOR = {Rossignol, Mathias and Lagrange, Mathieu and Lafay, Gr{\'e}goire and Benetos, Emmanouil},
  BOOKTITLE = EUSIPCO,
  ADDRESS = {Nice, France},
  YEAR = {2015},
  MONTH = Sep,,
}

@inproceedings{busquetshal-01164184,
  TITLE = {{Classification of rainfall radar images using the scattering transform}},
  AUTHOR = {Busquets, Gerard and Lagrange, Mathieu and Emmanuel, Isabelle and Andrieu, Herv{\'e}},
  BOOKTITLE = EUSIPCO,
  ADDRESS = {Nice, France},
  YEAR = {2015},
  MONTH = Sep,
}

@inproceedings{Bauge13,
   author = {Carlo Baug{\'e} and Mathieu Lagrange and Joakim And{\'e}n and St{\'e}phane Mallat},
   title = {Representing environmental sounds using the separable scattering transform},
   booktitle = ICASSP,
   month = {May},
   year = {2013},
   statut-editorial = {publié},
}

@inproceedings{Giannoulis13a,
 author = {Dimitrios Giannoulis and Emmanouil Benetos and Dan Stowell and Mathias Rossignol and Mathieu Lagrange and Mark D. Plumbley},
   title = {Detection and Classification of Acoustic Scenes and Events: an IEEE AASP Challenge},
      booktitle = {IEEE Workshop on Applications of Signal Processing to Audio and Acoustics (WASPAA)},
   year = {2013},

}

@inproceedings{Giannoulis13b,
 author = {Dimitrios Giannoulis and Emmanouil Benetos and Dan Stowell and Mathias Rossignol and Mathieu Lagrange and Mark D. Plumbley},
   title = {A Database and  Challenge for Acoustic Scene Classification and Event Detection},
      booktitle = {European Conference on Signal Processing (EUSIPCO)},
   year = {2013},
}

@inproceedings{Foucard13b,
   author = {Foucard, Rémi and Essid, Slim and Lagrange, Mathieu and Richard, Gaël},
   title = {Etiquetage automatique de l'audio : une approche de boosting régressif basée sur une fusion souple d'annotateurs},
   booktitle = {International Workshop on Image and Audio Analysis for Multimedia Interactive Services (WIAMIS)},
   year = {2013},
   statut-editorial = {publié},
}

@inproceedings{Cauchi13a,
   author = {Cauchi, Benjamin and Lagrange, Mathieu and Misdariis, Nicolas and Cont, Arshia},
   title = {Saliency-based modeling of acoustic scenes using sparse non-negative matrix factorization},
  booktitle = {International Workshop on Image and Audio Analysis for Multimedia Interactive Services (WIAMIS)},
   year = {2013},
   statut-editorial = {publié},
}

@inproceedings{Foucard13a,
   author = {Foucard, Rémi and Essid, Slim and Lagrange, Mathieu and Richard, Gaël},
   title = {Etiquetage automatique de l'audio : une approche de boosting régressif basée sur une fusion souple d'annotateurs},
   booktitle = {Coresa},
   year = {2013},
   statut-editorial = {publié},
}

@inproceedings{Benetos13a,
   author = {Benetos, Emmanouil and Lagrange, Mathieu and Dixon, Simon},
   title = {Characterisation of acoustic scenes using a temporally-constrained shift-invariant model},
   booktitle = {International Conference on Digital Audio Effects},
   address = {York, United Kingdom},
   year = {2013},
   statut-editorial = {accepté - publication en cours},
}

@inproceedings{Foucard12a,
   author = {Foucard, Rémi and Essid, Slim and Lagrange, Mathieu and Richard, Gaël},
   title = {A regressive bossting approach to automatic audio tagging based on soft annotator fusion},
   booktitle = ICASSP,
   year = {2012},
   statut-editorial = {publié},
}

@inproceedings{Lagrange11a,
   author = {Lagrange, Mathieu and Tzanetakis, George},
   title = {Adaptive N-normalization for enhancing music similarity},
   booktitle = ICASSP,
   address = {Prague, République Tchèque},
   month = {Mai},
   year = {2011},
   statut-editorial = {publié},
}

@inproceedings{Rigaud11a,
   author = {Rigaud, Francois and Lagrange, Mathieu and Roebel, Axel and Peeters, Geoffroy},
   title = {Drum Extraction From Polyphonic Music Based on a Spectro-Temporal Model of Percussive Sounds},
   booktitle = ICASSP,
   pages = {381-384},
   address = {Prague, Czech Republic},
   year = {2011},
   statut-editorial = {publié},
}

@inproceedings{Foucard11a,
   author = {Foucard, Remi and Essid, Slim and Lagrange, Mathieu and Richard, Gael},
   title = {Multi-Scale Temporql Fusion by Boosting for Music Classification},
   booktitle = ISMIR,
   address = {Miami, USA},
   year = {2011},
   statut-editorial = {publié},
}

@inproceedings{Ozerov11a,
   author = {Ozerov, Alexey and Lagrange, Mathieu and Vincent, Emmanuel},
   title = {GMM-based classification from noisy features},
   booktitle = {1st Int. Workshop on Machine Listening in Multisource Environments (CHiME)},
   year = {2011},
   statut-editorial = {publié},
}

@inproceedings{Cauchi12a,
   author = {Cauchi, Benjamin and Lagrange, Mathieu and Misdariis, Nicolas and Cont, Arshia},
   title = {Sparse representations for modeling environmental acoustic scenes, application to train stations soundscapes},
   booktitle = {International Conference on Acoustics},
   address = {Nantes, France},
   month = {Avril},
   year = {2012},
   statut-editorial = {publié},
}

@inproceedings{Lagrange12b,
   author = {Lagrange, Mathieu and Ozerov, Alexey and Vincent, Emmanuel},
   title = {Robust singer identification in polyphonic music using melody enhancement and uncertainty-based learning},
   booktitle = ISMIR,
   year = {2012},
   statut-editorial = {accepté - publication en cours},
}

@inproceedings{Lagrange12d,
   author = {Lagrange, Mathieu and Martins, Luis Gustavo and Tzanetakis, George},
   title = {Cluster aware normalization for enhancing audio similarity},
   booktitle = ICASSP,
   year = {2012},
}


@inproceedings{Lagrange10c,
   author = {Lagrange, Mathieu and Badeau, Roland and David, Bertrand and Bertin, Nancy and Echeveste, Jose and Derrien, Olivier and Marchand, Sylvain},
   title = {The DESAM Toolbox: Spectral Analysis of Musical Audio},
   booktitle = DAFX,
   address = {Gratz, Austria},
   year = {2010},
}

@inproceedings{Lagrange10b,
   author = {Lagrange, Mathieu and Serra, Joan},
   title = {Unsupervised accuracy improvement for cover song detection using Spectral Connectivity Network},
   booktitle = ISMIR,
   address = {Utrecht, Netherlands},
   year = {2010},
}


@INPROCEEDINGS{lagrangeIcassp10a,
  author = {Mathieu Lagrange and Roland Badeau and Gaël Richard},
  title = {Robust similarity metrics between audio signals based on asymmetrical
	spectral envelope matching},
  booktitle = ICASSP,
  year = {2010},
  address = {{Dallas, Texas, USA}},

}

@INPROCEEDINGS{lagrangeIcassp10b,
  author = {Rémi Foucard and Jean-Louis Durrieu and Mathieu Lagrange and Gaël Richard},
  title = {Multimodal Similarity between Musical Streams for Cover Version Detection},
  booktitle = ICASSP,
  year = {2010},
  address = {{Dallas, Texas, USA}},
  month = {March},
  owner = {rbadeau},
  timestamp = {2010.03.04}
}




@InProceedings{robineIsmir09,
  author = "M. Robine and M. Lagrange and
P. Hanna",
  title =        "{Meter Class Profile for Music Similarity and Retrieval}",
  BookTitle = ISMIR,
  year =         {2009},
  OPTvolume =       {},
  OPTnumber =    {},
  OPTpages =        {},
}

@inproceedings{LagrangeCbmi09,
   Author = {M. Lagrange and M. Raspaud},
   Title = {Spectral Similarity Metrics for Sound Source Formation based on the Common Variation Cue},
   BookTitle = {Seventh International Workshop on Content-Based Multimedia Indexing (CBMI)},
   Address= {Chania, Greece},
      Year = {2009} }

@inproceedings{murphyEnactive08,
	address = {Pisa, Italy},
	title = {Perceptual Evaluation of a Real-time Synthesis Technique for Rolling Sounds},
	booktitle = {5th International Conference on Enactive Interfaces},
	author = {Emma Murphy and Mathieu Lagrange and Philippe Depalle and Gary Scavone and Catherine Guastavino},
	year = {2008},
	pages = {}
},


  @InProceedings{teixeiraAcmmm08,
  author =       "Luis F. Teixeira and Luis G. Martins and Mathieu Lagrange and George Tzanetakis",
  title =        "{MarsyasX: Multimedia Dataflow Processing with Implicit Patching}",
  booktitle =    "ACM International Conference on Multimedia",
  year =         {2008},
  OPTvolume =       {},
  OPTnumber =    {},
  OPTpages =        {},
adress = "Vancouver",
  month =        "",
organization = {}
}


  @InProceedings{lagrangeDafx08-1,
  author =       "M. Lagrange and N. Whetsell and P. Depalle",
  title =        "{On the control of the phase of resonant filters with applications to percussive sound modelling}",
  booktitle =    DAFX,
  year =         {2008},
  OPTvolume =       {},
  OPTnumber =    {},
  OPTpages =        {},
adress = "Helsinki, Finland",
  month =        "September",
organization = {}
}


  @InProceedings{lagrangeDafx08-2,
  author =       "M. Lagrange and B. Scherrer",
  title =        "{Two-Step Modal Identification for Increased Resolution Analysis of Percussive Sounds}",
  booktitle =    DAFX,
  year =         {2008},
  OPTvolume =       {},
  OPTnumber =    {},
  OPTpages =        {},
adress = "Helsinki, Finland",
  month =        "September",
organization = {}
}


@InProceedings{tzanetakisIcmc08,
  author = 	 "G. Tzanetakis and R. Jones and C. Castillo and L. G. Martins and L. F. Teixeira and M. Lagrange",
  title = 	 "{Interoperability and Marsyas Runtime}",
  booktitle = 	 ICMC,
  OPTpages = 	 {341--344},
  year = 	 {2008},
  address = 	 "Belfast, Ireland",
  month = 	 "August"
}

@article{lagrangeIcad08,
	title = {Time-Domain Analysis / Synthesis of the Excitation Signal in a Source /
  Filter Model of Contact Sounds},
	journal = {Proceedings of the International Conference on Auditory Display (ICAD)},
	author = {M. Lagrange and G. Scavone and P. Depalle},
year = {2008}
},

adress = "Vienna",
  month =        "",
organization = {}
}


@InProceedings{lagrangeIcassp08,
  author = 	 "M. Lagrange and L. G. Martins and G. Tzanetakis",
  title = "A Computationally Efficient Scheme for Dominant Harmonic
Source Separation",
  booktitle = ICASSP,
 year = 	 "2008",
  address = 	 "Las Vegas, USA",
}


@InProceedings{martinsIsmir07,
  author = "L. G. Martins and J. J. Burred and M. Lagrange and
G. Tzanetakis",
  title =        "{ Polyphonic Instrument Recognition using Spectral Clustering}",
  BookTitle = ISMIR,
  year =         {2007},
  OPTvolume =       {},
  OPTnumber =    {},
  OPTpages =        {},
}


@InProceedings{kapurIsmir07,
  author = "A. Kapur and G. Percival and M. Lagrange and
G. Tzanetakis",
  title =        "{Pedagogical Transcription for Multimodal Sitar Performance}",
  BookTitle = ISMIR,
  year =         {2007},
  OPTvolume =       {},
  OPTnumber =    {},
  OPTpages =        {},
}

@InProceedings{jonesIcmc07,
  author = 	 "R. Jones and M. Lagrange and A. Schloss",
  title = 	 "{A Hand Drumming Dataset for Physical Modelling}",
  booktitle = 	 ICMC,
  OPTpages = 	 {341--344},
  year = 	 {2007},
  address = 	 "Copenhagen, Denmark",
  month = 	 "September"
}

@InProceedings{robineIcmc07,
  author = 	 "M. Robine and G. Percival and M. Lagrange",
  title = 	 "{Analysis of Saxophone Performance for Computer-Assisted Tutoring}",
  booktitle = 	 ICMC,
  OPTpages = 	 {341--344},
  year = 	 {2007},
  address = 	 "Copenhagen, Denmark",
  month = 	 "September"
}


  @InProceedings{lagrangeDafx07,
  author =       "M. Lagrange and G. Percival and G. Tzanetakis",
  title =        "{Adaptive Harmonization and Pitch Correction of Polyphonic Audio using Spectral Clustering}",
  booktitle =    DAFX,
  year =         {2007},
  OPTvolume =       {},
  OPTnumber =    {},
  OPTpages =        {},
adress = "Bordeaux, France",
  month =        "September",
organization = {}
}

  @InProceedings{tzanetakisRiao07,
  author =       "G. Tzanetakis and M. Lagrange and P. Spong and H. Symonds",
  title =        "{ ORCHIVE: Digitizing and Analyzing Orca Vocalizations}",
  booktitle = "Proceedings of the RIAO - Large-Scale Semantic
Access to Content Conference",
  year =         {2007},
  OPTvolume =       {},
  OPTnumber =    {},
  OPTpages =        {},
OPTadress = "",
  OPTmonth =        "",
organization = {}
}

  @InProceedings{lagrangeAes07,
  author =       "M. Lagrange and L. G. Martins and G. Tzanetakis",
  title =        "{Semi-Automatic Mono to Stereo Up-mixing using Sound Source Formation}",
  booktitle = AES,
  year =         {2007},
  OPTvolume =       {},
  OPTnumber =    {},
  OPTpages =        {},
adress = "Vienna, Austria",
  month =        "May",
organization = {}
}


@inproceedings{Lagrange2007,
   Author = {Lagrange, M. and Martins, L. G. and Teixeira, L. F. and G. Tzanetakis},
   Title = {Speaker Segmentation of Interviews Using Integrated Video and Audio Change Detections},
   BookTitle = {Fifth International Workshop on Content-Based Multimedia Indexing (CBMI)},
   Address= {Bordeaux, France},
      Year = {2006} }


@InProceedings{lagrangeIcassp07,
  author = 	 "M. Lagrange and G. Tzanetakis",
  title = 	 "Sound Source Tracking and Formation using Normalized Cuts",
  booktitle = ICASSP,
 year = 	 "2007",
  address = 	 "Honolulu, USA",
}


@InProceedings{robineIsmir07,
  author = "M. Robine and M. Lagrange",
  title =        "{Evaluation of the Technical Level of Saxophone Performers by Considering the Evolution of Spectral Parameters of the Sound}",
  BookTitle = ISMIR,
  year =         {2006},
  OPTvolume =       {},
  OPTnumber =    {},
  OPTpages =        {},
}


@inproceedings{Marchand06,
 author = {Sylvain Marchand and Mathieu Lagrange},
   title = {On the Equivalence of Phase-Based Methods for the Estimation of Instantaneous Frequency},
      booktitle = {European Conference on Signal Processing},
   year = {2006},
}

@InProceedings{lagrangeDafx06,
  author =       "M. Lagrange and S. Marchand",
  title = "{Assessing the Quality of the Extraction and Tracking of
Sinusoidal Components : Towards an Evaluation Methodology}",
  booktitle = DAFX,
  year =         {2006},
  OPTvolume =       {},
  OPTnumber =    {},
  OPTpages =        {},
adress = "Montreal",
  month =        "September",
organization = {}
}


@InProceedings{lagrangeDafx05,
  author =       "M. Lagrange and S. Marchand and J. B. Rault",
  title = "{Improving Sinusoidal Frequency Estimation using a Trigonometrical Approach}",
  booktitle = DAFX,
  year =         {2005},
  OPTvolume =       {},
  OPTnumber =    {},
  OPTpages =        {},
adress = "Madrid, Spain",
  month =        "September",
organization = {}
}



@InProceedings{icmc-correlation,
  author = 	 "M. Lagrange",
  title = 	 "{A New Dissimilarity Metric For The Clustering Of Partials Using The Common Variation Cue}",
  booktitle = 	 ICMC,
  OPTpages = 	 {341--344},
  year = 	 {2005},
  address = 	 "Barcelona, Spain",
  month = 	 "September"
}


@InProceedings{vary-icassp,
  author = 	 "M. Lagrange and Sylvain Marchand and J. B. Rault",
  title = 	 "{Improving the Tracking of Partials for the Sinusoidal Modeling of Polyphonic Sounds}",
  booktitle = 	 ICASSP,
  pages = 	 {241-244},
  year = 	 {2005},
  volume = 	 {4},
  OPTnumber = 	 {},
  OPTaddress = 	 {},
  month = 	 "March"
}

@InProceedings{lagrange-aes,
  author = 	 "M. Lagrange and Sylvain Marchand and J. B. Rault",
  title = 	 "{Partial Tracking Based on Future Trajectories Exploration}",
  booktitle = 	 "116th Convention of the Audio Engineering Society",
  year = 	 {2004},
  address = 	 "Berlin",
  month = 	 "May"
}


@InProceedings{lp-icassp,
  author = 	 "M. Lagrange and Sylvain Marchand and J. B. Rault",
  title = 	 "{Using Linear Prediction to Enhance the Tracking of Partials}",
  booktitle = 	 ICASSP,
  pages = 	 {642-645},
  year = 	 {2004},
  volume = 	 {4},
}

@InProceedings{lagrangeDafx03,
  author = 	 "M. Lagrange and Sylvain Marchand and Martin Raspaud and J. B. Rault",
  title = 	 "{Enhanced Partial Tracking Using Linear Prediction}",
  booktitle = 	 DAFX,
  pages = 	 {141-146},
  year = 	 {2003},
  OPTvolume = 	 {},
  OPTnumber = 	 {},
  OPTaddress = 	 {},
  month = 	 "September"
}

@InProceedings{peak-selection,
  author = 	 "M. Lagrange and Sylvain Marchand and J. B. Rault",
  title = 	 "{Sinusoidal Parameter Extraction and Component Selection in a Non Stationary Model}",
  booktitle = 	 DAFX,
  pages = 	 {59-64},
  year = 	 {2002},
  OPTvolume = 	 {},
  OPTnumber = 	 {},
  OPTaddress = 	 {},
  month = 	 "September"
}

@InProceedings{lagrangeDafx01,
  author = 	 "M. Lagrange and Sylvain Marchand",
  title = "{Real-Time Additive Synthesis of Sound by Taking Advantage
of Psychoacoustics}",
  booktitle = 	 DAFX,
  pages = 	 {5--9},
  year = 	 {2001},
  OPTvolume = 	 {},
  OPTnumber = 	 {},
  OPTaddress = 	 {},
  month = 	 "December"
}
