@article{lostanlen2018relevance,
  title={Fourier at the heart of computer music: From harmonic sounds to texture},
  author={Lostanlen, Vincent and  And{\'e}n, Joakim and Lagrange, Mathieu},
  journal={Comptes Rendus de Physique de l'Acad{\'e}mie des Sciences},
  volume={in press},
  number={},
  pages={},
  year={2019},
  publisher={Elsevier}
}

@article{lostanlen2018relevance,
  title={Relevance-based quantization of scattering features for unsupervised mining of environmental audio},
  author={Lostanlen, Vincent and Lafay, Gr{\'e}goire and And{\'e}n, Joakim and Lagrange, Mathieu},
  journal={EURASIP Journal on Audio, Speech, and Music Processing},
  volume={2018},
  number={1},
  pages={15},
  year={2018},
  publisher={Springer}
}

@article{gloaguen2019road,
  title={Road traffic sound level estimation from realistic urban sound mixtures by Non-negative Matrix Factorization},
  author={Gloaguen, Jean-R{\'e}my and Can, Arnaud and Lagrange, Mathieu and Petiot, Jean-Fran{\c{c}}ois},
  journal={Applied Acoustics},
  volume={143},
  pages={229--238},
  year={2019},
  publisher={Elsevier}
}

@article{lafayhal-01111782,
  TITLE = {{Investigating soundscapes perception through acoustic scenes simulation}},
  AUTHOR = {Lafay, Gr\'egoire and Rossignol, Mathias and Misdariis, Nicolas and Lagrange, Mathieu and Petiot, Jean-Fran{\c c}ois},
  JOURNAL = {{Behavior Research Methods}},
  PUBLISHER = {{Psychonomic Society, Inc}},
  VOLUME = {2},
  NUMBER = {51},
  YEAR = {2018},
  MONTH = Oct
}

@article{rossignol2018efficient,
  title={Efficient similarity-based data clustering by optimal object to cluster reallocation},
  author={Rossignol, Mathias and Lagrange, Mathieu and Cont, Arshia},
  journal={PloS one},
  volume={13},
  number={6},
  pages={e0197450},
  year={2018},
  publisher={Public Library of Science}
}

@article{mesa,
  TITLE = {{Detection and Classification of Acoustic Scenes and Events: Outcome of the DCASE 2016 Challenge}},
  AUTHOR = {Mesaros, Annamaria and Heittola, Toni and Benetos, Emmanouil and Foster, Peter and Lagrange, Mathieu and Virtanen, Tuomas and Plumbley, Mark D.},

  JOURNAL = {{IEEE/ACM Transactions on Audio, Speech and Language Processing}},
  PUBLISHER = {{Institute of Electrical and Electronics Engineers}},
  VOLUME = {26},
  NUMBER = {2},
  PAGES = {379-393},
  YEAR = {2018},
  MONTH = Feb,
  KEYWORDS = {sound event detection ; pattern recognition ; audio datasets ; Acoustic scene classification},
  PDF = {https://hal.archives-ouvertes.fr/hal-01650601/file/dcase2016.pdf},
  HAL_ID = {hal-01650601},
  HAL_VERSION = {v1},
}

@article{gontierhal-01650593,
  TITLE = {{An Efficient Audio Coding Scheme for Quantitative and Qualitative Large Scale Acoustic Monitoring Using the Sensor Grid Approach}},
  AUTHOR = {Gontier, F{\'e}lix and Lagrange, Mathieu and Aumond, Pierre and Can, Arnaud and Lavandier, Catherine},

  JOURNAL = {{Sensors}},
  PUBLISHER = {{MDPI}},
  VOLUME = {17},
  NUMBER = {12},
  PAGES = {2758},
  YEAR = {2017}
}

@article{benetoshal-01520194,
  TITLE = {{Polyphonic Sound Event Tracking using Linear Dynamical Systems}},
  AUTHOR = {Benetos, Emmanouil and Lafay, Gr{\'e}goire and Lagrange, Mathieu and Plumbley, Mark D},

  JOURNAL = {{IEEE Transactions on Audio, Speech and Language Processing}},
  PUBLISHER = {{Institute of Electrical and Electronics Engineers}},
  VOLUME = {25},
  NUMBER = {6},
  PAGES = {1266-1277},
  YEAR = {2017},
  MONTH = Jun,
  KEYWORDS = {sound scene analysis ; probabilistic latent component analysis ; Sound event detection ; linear dynamical systems},
  PDF = {https://hal.archives-ouvertes.fr/hal-01520194/file/taslp-plca-lds.pdf},
  HAL_ID = {hal-01520194},
  HAL_VERSION = {v1},
}

@article{lafayhal-01111381,
  TITLE = {{A morphological model for simulating acoustic scenes and its application to sound event detection}},
  AUTHOR = {Lafay, Gr{\'e}goire and Lagrange, Mathieu and Rossignol, Mathias and Benetos, Emmanouil and Roebel, Axel},

  JOURNAL = {{IEEE/ACM Transactions on Audio, Speech and Language Processing}},
  PUBLISHER = {{Institute of Electrical and Electronics Engineers}},
  VOLUME = {24},
  NUMBER = {10},
  PAGES = {1854-1864},
  YEAR = {2016}
}

@article{lagrangehal-01397741,
  TITLE = {{Classification of rainfall radar images using the scattering transform}},
  AUTHOR = {Lagrange, Mathieu and Andrieu, Herv{\'e} and Emmanuel, Isabelle and Busquets, Gerard},

  JOURNAL = {{Journal of Hydrology}},
  PUBLISHER = {{Elsevier}},
  YEAR = {2016},
  MONTH = Jun,
  KEYWORDS = {Scattering ;  Radar images ;  Classification ;  Rainfall types},
  HAL_ID = {hal-01397741},
  HAL_VERSION = {v1},
}

@article{lafayhal-01300399,
  TITLE = {{Semantic browsing of sound databases without keywords}},
  AUTHOR = {Lafay, Gr{\'e}goire and Misdariis, Nicolas and Lagrange, Mathieu and Rossignol, Mathias},

  JOURNAL = {{Journal of the Audio Engineering Society}},
  PUBLISHER = {{Audio Engineering Society}},
  VOLUME = {64},
  NUMBER = {9},
  PAGES = {628-635},
  YEAR = {2016},
  MONTH = Sep,
  PDF = {https://hal.archives-ouvertes.fr/hal-01300399/file/lafaySsf2016.pdf},
  HAL_ID = {hal-01300399},
  HAL_VERSION = {v2},
}

@article{stowellhal-01253912,
  TITLE = {{Detection and Classification of Acoustic Scenes and Events}},
  AUTHOR = {Stowell, Dan and Giannoulis, Dimitrios and Benetos, Emmanouil and Lagrange, Mathieu and Plumbley, Mark D.},

  JOURNAL = {{IEEE Transactions on Multimedia}},
  PUBLISHER = {{Institute of Electrical and Electronics Engineers}},
  VOLUME = {17},
  NUMBER = {10},
  YEAR = {2015}
}

@article{lagrange2015,
   author = "Lagrange, Mathieu and Lafay, Gr\'egoire and D\'efr\'eville, Boris and Aucouturier, Jean-Julien",
   title = "The bag-of-frames approach: A not so sufficient model for urban soundscapes",
   journal = "The Journal of the Acoustical Society of America",
   year = "2015",
   volume = "138",
   number = "5",
   pages = "487-492",
}


@article{Lagrange12a,
  title={Uncertainty-based learning of acoustic models from noisy data},
  author={Ozerov, Alexey and Lagrange, Mathieu and Vincent, Emmanuel},
  journal={Computer Speech \& Language},
  volume={27},
  number={3},
  pages={874--894},
  year={2013},
  publisher={Elsevier}
}

@article{Lagrange12c,
  title={D{\'e}compositions en {\'e}l{\'e}ments sonores et applications musicales},
  author={Lagrange, Mathieu and Badeau, Roland and David, Bertrand and Bertin, Nancy and Derrien, Olivier and Marchand, Sylvain and Daudet, Laurent and others},
  journal={Traitement du Signal},
  volume={28},
  number={6},
  pages={665--689},
  year={2011}
}

@article{Murphy11a,
   author = {Murphy, Emma and Lagrange, Mathieu and Scavone, Gary and Depalle, Philippe and Guastavino, Catherine},
   title = {Perceptual evaluation of rolling sound synthesis},
   journal = {Acta acustica united with Acustica},
   volume = {5-97},
   pages = {840-851},
   year = {2011},
}

@article{LagrangeTasslp10,
   author = {Lagrange, Mathieu and Scavone, Gary and Depalle, Philippe},
   title = {Analysis / Synthesis of Sounds Generated by Sustained Contact between Rigid Objects},
   journal = {IEEE Transactions on Audio Speech and Language Processing},
   volume = {18-3},
   pages = {509-518},
   year = {2010},
}

@article{lagrangeMta09,
	title = {Spectral Similarity Metrics for Sound Source Formation based on the Common Variation Cue},
	volume = {},
	journal = {ACM Multimedia Tools and Applications Journal on Content-Based Multimedia Indexing},
	author = {M. Lagrange and M. Raspaud},
	year = {2009},
	pages = {}
},


@article{lagrangePrl09,
	title = {Explicit Modeling of Temporal Dynamics within Musical Signals for Acoustical Unit Similarity},
	volume = {},
	journal = {Pattern Recognition Letters},
	author = {M. Lagrange and M. Raspaud and R. Badeau and G. Richard},
	year = {2009},
	pages = {}
},

@Article{lagrangeTaslp08,
  author =       "M. Lagrange and L. G. Martins and J. Murdoch and G. Tzanetakis",
  title = "{Normalized Cuts for Predominant Melodic Source
Separation}",
  journal =      ASSLP,
  year =         {2008},
  OPTvolume =       {},
  OPTnumber =       {},
  OPTpages =        {}
}

@Article{lagrangeJaes07,
  author =       "M. Lagrange and S. Marchand",
  title =        "Estimating the Instantaneous Frequency of Sinusoidal Components Using Phase-Based Methods",
  journal = 	 JAES,
  year = 	 "2007",
  volume = 	 "",
  pages = 	 "",
}

@Article{lagrangeTaslp06,
  Author         = {M. Lagrange and S. Marchand and J.B. Rault},
  Title          = "Enhancing the Tracking of Partials for the Sinusoidal
Modeling of Polyphonic Sounds",
  Journal        = ASSLP,
  OPTVolume         = {28},
  OPTPages          = {357-366},
  year           = 2007,
  OPTmonth          = aug,
}

@Article{lagrangeJaes05,
  author =       "M. Lagrange and S. Marchand and J. Rault",
  title = "{Long Interpolation of Audio Signals Using Linear
Prediction in Sinusoidal Modeling}",
  journal =      JAES,
  year =         {2005},
  volume =       {53},
  number =       {10},
  pages =        {891-905}
}
