

@Misc{explanes,
   author =   {Mathieu Lagrange},
   title =    {Explanes : a framework facilitating computational experiments (GPL)},
   howpublished = {\url{http://mathieulagrange.github.io/expLanes}},
   year = {2014}
   }

@Misc{simscene,
      author =   {Mathias Rossignol and Gr√©goire Lafay and Mathieu Lagrange},
      title =    {simScene : synthesis of sound scenes for the creation of evaluation corpora in audio event detection (GPL)},
      howpublished = {\url{https://bitbucket.org/mlagrange/simscene}},
      year = {2013}
      }

@Misc{kaverages,
         author =   {Mathias Rossignol and Mathieu Lagrange},
         title =    {kAverages: efficient clustering algorithms for arbitrary similarity matrices (GPL)},
         howpublished = {\url{https://bitbucket.org/mlagrange/kaverages}},
         year = {2012}
         }
