
% == Strings ==

% Miscellaneous

% short versions

 @string{CMJ = "Computer Music Journal"}
 @string{AES = "Audio Engineering Society (AES)"}
 @string{JAES = "Journal of the Audio Engineering Society"}

@string{CMJ = "CMJ"}
@string{AES = "AES"}
@string{JAES = "JAES"}


% DAFx
 
@string{DAFX = "Proceedings of the Digital Audio Effects (DAFx) Conference"}
 @string{DAFX98ORG = "Audiovisual Institute, Pompeu Fabra University and COST (European Cooperation in the Field of Scientific and Technical Research)"}
 @string{DAFX99ORG = "Norwegian University of Science and Technology (NTNU) and COST (European Cooperation in the Field of Scientific and Technical Research)"}
 @string{DAFX00ORG = "Università degli Studi di Verona and COST (European Cooperation in the Field of Scientific and Technical Research)"}
 @string{DAFX01ORG = "University of Limerick and COST (European Cooperation in the Field of Scientific and Technical Research)"}
 @string{DAFX02ORG = "University of the Federal Armed Forces - Hamburg, Germany"}
% short versions
@string{DAFX = "Proc. DAFx"}
@string{DAFX98ORG = "Audiovisual Institute, Pompeu Fabra University and COST"}
@string{DAFX99ORG = "Norwegian University of Science and Technology (NTNU) and COST"}
@string{DAFX00ORG = "Università degli Studi di Verona and COST"}
@string{DAFX01ORG = "University of Limerick and COST"}
@string{DAFX02ORG = "University of the Federal Armed Forces, Hamburg"}
@string{DAFX03ORG = "Queen Mary, University of London"}
@string{DAFX04ORG = "Federico II University of Naple, Italy"}
@string{DAFX05ORG = "Universidad Politécnica de Madrid"}



% ICMC

 @string{ICMA = "International Computer Music Association (ICMA)"}
 @string{ICMC = "Proceedings of the International Computer Music Conference (ICMC)"}

% short versions

@string{ICMA = "ICMA"}
@string{ICMC = "Proc. ICMC"}

% JIM

@string{JIM = "Proceedings of the Journées d'Informatique Musicale (JIM)"}

% ICASSP

% short version
@string{ICASSP = "IEEE International Conference on Acoustics, Speech and Signal Processing (ICASSP)"}
@string{ICASSP = "IEEE ICASSP"}


@string{SAP = "IEEE Transactions on Speech and Audio Processing"}
@string{SP = "IEEE Transactions on Signal Processing"}
@string{ASSP = "IEEE Transactions on Acoustics, Speech and Signal Processing"}
@string{ASSLP = "IEEE Transactions on Acoustics, Speech, Signal and Language Processing"}

% == Publications ==
