@incollection{Martins11a,
   author = {Martins, Luis and Lagrange, Mathieu and Tzanetakis, George},
   title = {Modeling Grouping Cues for Auditory Scene Analysis Using a Spectral Clustering Formulation},
   booktitle = {Machine Audition: Principles, Algorithms and Systems},
   publisher = {IGI Global},
   year = {2011},
}