
@techreport{lagrangePatent04-1,
  author = 	 "M. Lagrange and J. B. Rault",
  title = 	 "{Procédé de restauration de partiels d'un signal sonore}",
  institution = 	 "{France Télécom R\&D}",
  type = "{PCT/FR 04/00619}",
  year = 	 {2004},
}


@techreport{lagrangePatent04-2,
  author = 	 "M. Lagrange and J. B. Rault",
  title = 	 "{Procédé de décision pour la restauration de partiels d'un signal sonore, dispositif et programme d'ordinateur pour sa mise en {\oe}uvre}",
  institution = 	 "{France Télécom R\&D}",
  type = "{PCT/FR 04/01415}",
  year = 	 {2004},
}
