@book{zwicker2013psychoacoustics,
  title={Psychoacoustics: Facts and models},
  author={Zwicker, Eberhard and Fastl, Hugo},
  volume={22},
  year={2013},
  publisher={Springer Science \& Business Media}
}

@ARTICLE{7100934,
author={Stowell, D. and Giannoulis, D. and Benetos, E. and Lagrange, M. and Plumbley, M.D.},
journal={Multimedia, IEEE Transactions on},
title={Detection and Classification of Acoustic Scenes and Events},
year={2015},
volume={17},
number={10},
pages={1733-1746},
month={Oct},}

@Article{lagrangeJaes05,
  author =       "M. Lagrange and S. Marchand and J. Rault",
  title = "{ Long Interpolation of Audio Signals Using Linear
Prediction in Sinusoidal Modeling}",
  journal =      JAES,
  year =         {2005},
  volume =       {53},
  number =       {10},
  pages =        {891-905}
}


@inproceedings{rossignolsimscene,
  title={SimScene: a web-based acoustic scenes simulator},
  author={Rossignol, Mathias and Lafay, Gregoire and Lagrange, Mathieu and Misdariis, Nicolas},
 booktitle = {First Web Audio Conference (WAC)},
   month = {September},
   year = {2014}
   }

   @article{fevotte2011algorithms,
     title={Algorithms for nonnegative matrix factorization with the $\beta$-divergence},
     author={F{\'e}votte, C{\'e}dric and Idier, J{\'e}r{\^o}me},
     journal={Neural computation},
     volume={23},
     number={9},
     pages={2421--2456},
     year={2011},
     publisher={MIT Press}
   }

   @article{picaut2001scale,
     title={A scale model experiment for the study of sound propagation in urban areas},
     author={Picaut, J and Simon, L},
     journal={Applied Acoustics},
     volume={62},
     number={3},
     pages={327--340},
     year={2001},
     publisher={Elsevier}
   }

@article{barsalou1999perceptions,
  title={Perceptions of perceptual symbols},
  author={Barsalou, Lawrence W},
  journal={Behavioral and brain sciences},
  volume={22},
  number={4},
  pages={637--660},
  year={1999},
  publisher={Cambridge University Press}
}

@article{dubois2000categories,
  title={Categories as acts of meaning: The case of categories in olfaction and audition},
  author={Dubois, Dani{\`e}le},
  journal={Cognitive science quarterly},
  volume={1},
  number={1},
  pages={35--68},
  year={2000}
}

@article{dubois2006cognitive,
  title={A cognitive approach to urban soundscapes: Using verbal data to access everyday life auditory categories},
  author={Dubois, Dani{\`e}le and Guastavino, Catherine and Raimbault, Manon},
  journal={Acta acustica united with acustica},
  volume={92},
  number={6},
  pages={865--874},
  year={2006},
  publisher={S. Hirzel Verlag}
}

@inproceedings{weinberger2006distance,
  title={Distance metric learning for large margin nearest neighbor classification},
  author={Weinberger, Kilian Q and Blitzer, John and Saul, Lawrence K},
  booktitle={Advances in neural information processing systems},
  pages={1473--1480},
  year={2006}
}

@article{dau1997modeling,
  title={Modeling auditory processing of amplitude modulation. I. Detection and masking with narrow-band carriers},
  author={Dau, Torsten and Kollmeier, Birger and Kohlrausch, Armin},
  journal={The Journal of the Acoustical Society of America},
  volume={102},
  number={5},
  pages={2892--2905},
  year={1997},
  publisher={ASA}
}

@book{rabiner1993fundamentals,
  title={Fundamentals of speech recognition},
  author={Rabiner, Lawrence R and Juang, Biing-Hwang},
  volume={14},
  year={1993},
  publisher={PTR Prentice Hall Englewood Cliffs}
}

@incollection{NIPS2017_7062,
title = {A Unified Approach to Interpreting Model Predictions},
author = {Lundberg, Scott M and Lee, Su-In},
booktitle = {Advances in Neural Information Processing Systems 30},
editor = {I. Guyon and U. V. Luxburg and S. Bengio and H. Wallach and R. Fergus and S. Vishwanathan and R. Garnett},
pages = {4765--4774},
year = {2017},
publisher = {Curran Associates, Inc.},
url = {http://papers.nips.cc/paper/7062-a-unified-approach-to-interpreting-model-predictions.pdf}
}

@article{bertin2010enforcing,
  title={Enforcing harmonicity and smoothness in Bayesian non-negative matrix factorization applied to polyphonic music transcription},
  author={Bertin, Nancy and Badeau, Roland and Vincent, Emmanuel},
  journal={IEEE Transactions on Audio, Speech, and Language Processing},
  volume={18},
  number={3},
  pages={538--549},
  year={2010},
  publisher={IEEE}
}

@article{ricciardi2015sound,
  title={Sound quality indicators for urban places in Paris cross-validated by Milan data},
  author={Ricciardi, Paola and Delaitre, Pauline and Lavandier, Catherine and Torchia, Francesca and Aumond, Pierre},
  journal={The Journal of the Acoustical Society of America},
  volume={138},
  number={4},
  pages={2337--2348},
  year={2015},
  publisher={ASA}
}

@article{cartwright2017seeing,
  title={Seeing sound: Investigating the effects of visualizations and complexity on crowdsourced audio annotations},
  author={Cartwright, Mark and Seals, Ayanna and Salamon, Justin and Williams, Alex and Mikloska, Stefanie and MacConnell, Duncan and Law, E and Bello, J and Nov, O},
  journal={Proceedings of the ACM on Human-Computer Interaction},
  volume={1},
  number={1},
  year={2017}
}

@unpublished{lafay:hal-01111782,
  TITLE = {{Approaching mental representations of urban soundscape using auditory scenes simulation}},
  AUTHOR = {Lafay, Gr{\'e}goire and Lagrange, Mathieu and Petiot, Jean-Fran{\c c}ois and Rossignol, Mathias and Misdariis, Nicolas},
  URL = {https://hal.archives-ouvertes.fr/hal-01111782},
  NOTE = {working paper or preprint},
  YEAR = {2015},
  MONTH = Feb,
  PDF = {https://hal.archives-ouvertes.fr/hal-01111782/file/lafayJasa2014.pdf},
  HAL_ID = {hal-01111782},
  HAL_VERSION = {v1},
}

@article{dubois2006cognitive,
  title={A cognitive approach to urban soundscapes: Using verbal data to access everyday life auditory categories},
  author={Dubois, Dani{\`e}le and Guastavino, Catherine and Raimbault, Manon},
  journal={Acta Acustica united with Acustica},
  volume={92},
  number={6},
  pages={865--874},
  year={2006},
  publisher={S. Hirzel Verlag}
}


@article{guastavino_ideal_2006,
	title = {The ideal urban soundscape: Investigating the sound quality of French cities},
	volume = {92},
	journal = {Acta Acustica United with Acustica},
	author = {Guastavino, Catherine},
	year = {2006},
	keywords = {{VP}},
	pages = {945--951},
	file = {Guastavino2006_Ideal_Urban_Soundscape_French_cities.pdf:C:\Users\LAFAY\AppData\Roaming\Zotero\Zotero\Profiles\f3yp208b.default\zotero\storage\7IHQQAEU\Guastavino2006_Ideal_Urban_Soundscape_French_cities.pdf:application/pdf}
}


@ARTICLE{6822556,
author={Anden, J. and Mallat, S.},
journal={IEEE Transactions on Signal Processing},
title={Deep Scattering Spectrum},
year={2014},
month={Aug},
volume={62},
number={16},
pages={4114-4128},
keywords={acoustic wave scattering;amplitude modulation;audio signal processing;cepstral analysis;signal classification;signal representation;GTZAN database;MFCC;TIMIT database;audio classification;deep scattering spectrum;frequency transposition invariant representation;mel-frequency cepstral coefficients;modulus operators;musical genre;phone classification;scattering transform;second-order scattering coefficients;spectrum coefficients;time-warping deformation;transient phenomena;wavelet convolutions;Convolution;Frequency modulation;Scattering;Spectrogram;Wavelet analysis;Wavelet transforms;Audio classification;MFCC;deep neural networks;modulation spectrum;wavelets},
doi={10.1109/TSP.2014.2326991},
ISSN={1053-587X},}

@ARTICLE{119739,
author={Yang, X. and Wang, K. and Shamma, S.A.},
journal={IEEE Transactions on Information Theory},
title={Auditory representations of acoustic signals},
year={1992},
month={March},
volume={38},
number={2},
pages={824-839},
keywords={acoustic signal processing;hearing;speech recognition;transforms;acoustic signals;acoustic spectrum;analytically tractable framework;auditory system;automatic speech recognition;low bit-rate data compression;method of convex projections;multiresolution processing;natural speech sounds;neural processing;noise suppression;perceptual correlates;spectral enhancements;wavelet representations;Acoustic noise;Auditory system;Automatic speech recognition;Data compression;Humans;Inspection;Signal processing;Signal resolution;Wavelet transforms},
doi={10.1109/18.119739},
ISSN={0018-9448},}

@unpublished{rossignol:hal-01123756,
  TITLE = {{Efficient similarity-based data clustering by optimal object to cluster reallocation}},
  AUTHOR = {Rossignol, Mathias and Lagrange, Mathieu and Cont, Arshia},
  URL = {https://hal.archives-ouvertes.fr/hal-01123756},
  NOTE = {working paper or preprint},
  YEAR = {2015},
  MONTH = Mar,
  KEYWORDS = {clustering ; similarity ; non-metric data representation ; time series clustering},
  PDF = {https://hal.archives-ouvertes.fr/hal-01123756/file/kaverages_paper.pdf},
  HAL_ID = {hal-01123756},
  HAL_VERSION = {v1},
}

@article{Girolami:2002:MKC:2325785.2326903,
 author = {Girolami, M.},
 title = {Mercer Kernel-based Clustering in Feature Space},
 journal = {IEEE Transactions on Neural Network},
 issue_date = {May 2002},
 volume = {13},
 number = {3},
 month = may,
 year = {2002},
 issn = {1045-9227},
 pages = {780--784},
 numpages = {5},
 doi = {10.1109/TNN.2002.1000150},
 acmid = {2326903},
 publisher = {IEEE Press},
 address = {Piscataway, NJ, USA},
}

@article{Roth:2003:OCP:960254.960291,
 author = {Roth, Volker and Laub, Julian and Kawanabe, Motoaki and Buhmann, Joachim M.},
 title = {Optimal Cluster Preserving Embedding of Nonmetric Proximity Data},
 journal = {IEEE Trans. Pattern Anal. Mach. Intell.},
 issue_date = {December 2003},
 volume = {25},
 number = {12},
 month = dec,
 year = {2003},
 issn = {0162-8828},
 pages = {1540--1551},
 numpages = {12},
 doi = {10.1109/TPAMI.2003.1251147},
 acmid = {960291},
 publisher = {IEEE Computer Society},
 address = {Washington, DC, USA},
 keywords = {Clustering, pairwise proximity data, cost function, embedding, MDS.},
}


@INPROCEEDINGS{6854172,
author={Benetos, E. and Ewert, S. and Weyde, T.},
booktitle={IEEE ICASSP},
title={Automatic transcription of pitched and unpitched sounds from polyphonic music},
year={2014},
month={May},
address={Florence, Italy},
pages={3107--3111}
}


@article{depsy,
author = {Dalmeet Singh Chawla},
title = {The unsung heroes of scientific software},
volume = {529},
number = {7584},
year = {2016},
journal = {Nature}
}

@ARTICLE{sp,
author={Vandewalle, P. and Kovacevic, J. and Vetterli, M.},
journal={Signal Processing Magazine, IEEE},
title={Reproducible research in signal processing},
year={2009},
month={May},
volume={26},
number={3},
pages={37-47},
keywords={research and development;signal processing;high-quality reviewing process;large data set;reproducible research;signal processing;win-win situation;Advertising;Digital signal processing;Education;Programming;Reproducibility of results;Scholarships;Signal processing;Signal processing algorithms;Testing;Wikipedia},
}

@article{science,
author = {Peng, R. D.},
title = {Reproducible Research in Computational Science},
volume = {334},
number = {6060},
pages = {1226-1227},
year = {2011},
doi = {10.1126/science.1213847},
abstract ={Computational science has led to exciting new developments, but the nature of the work has exposed limitations in our ability to evaluate published findings. Reproducibility has the potential to serve as a minimum standard for judging scientific claims when full independent replication of a study is not possible.},
journal = {Science}
}

@book{right,
  title={Getting it right: R \& D methods for science and engineering},
  author={Bock, P. and Scheibe, B.},
  year={2001},
  publisher={Academic Press}
}

@article{design,
year={1995},
issn={1381-1231},
journal={Journal of Heuristics},
volume={1},
number={1},
title={Designing and reporting on computational experiments with heuristic methods},
publisher={Kluwer Academic Publishers},
keywords={heuristics; algorithms; experimental design; computational testing},
author={Barr, RichardS. and Golden, BruceL. and Kelly, JamesP. and Resende, MauricioG.C. and Stewart, WilliamR., Jr.},
pages={9-32},
language={English}
}

@book{se,
  title={Statistics for Experimenters: Design, Innovation, and Discovery, 2nd Edition},
  author={George E. P. Box  and J. Stuart Hunter and William G. Hunter},
  year={2005},
  publisher={Wiley-Interscience}
}


@book{de,
  title={Designing Experiments and Analyzing Data: A Model Comparison Perspective, Second Edition},
  author={Scott E. Maxwell and Harold D. Delaney and Ken Kelley},
  year={2003},
  publisher={Routledge}
}
