
@InProceedings{lagrangeNips07,
  author =       "M. Lagrange and J. Murdoch and G. Tzanetakis",
  title = "{Temporal Constraints for Sound Source Formation using the
Normalized Cut}",
  booktitle =    "Information Processing systems (NIPS) workshop on Advances in Models
for Acoustic Processing",
  year =         {2006},
  OPTvolume =       {},
  OPTnumber =    {},
  OPTpages =        {},
adress = "Vancouver",
  month =        "December",
organization = {}
}
